@article{ramowezielinski,
    author =       "Cezary Zieliński, Tomasz Kornuta",
    title =        "Programowe struktury ramowe do tworzenia sterowników robotów",
    journal =      "Pomiary Automatyka Robotyka",
    volume =       "19",
    number =       "1",
    pages =        "5-14",
    year =         "2015",
    DOI =          "10.14313/PAR_215/5"
}

@article{roscontrolart,
author = {Chitta, Sachin and Marder-Eppstein, Eitan and Meeussen, Wim and Pradeep, Vijay and Rodr{\'i}guez Tsouroukdissian, Adolfo  and Bohren, Jonathan and Coleman, David and Magyar, Bence and Raiola, Gennaro and L{\"u}dtke, Mathias and Fern{\'a}ndez Perdomo, Enrique},
title = {ros\_control: A generic and simple control framework for ROS},
journal = {The Journal of Open Source Software},
year = {2017},
doi = {10.21105/joss.00456},
URL = {http://www.theoj.org/joss-papers/joss.00456/10.21105.joss.00456.pdf}
}
 
@book{systemkozlowski,
    author    = "Krzysztof Kozłowski, Piotr Dutkiewicz, Waldemar Wróblewski",
    title     = "Modelowanie i sterowanie robotów",
    year      = "2012",
    publisher = "PWN",
    address   = "Warszawa"
}
 
@misc{kukawebsite,
    author    = "Donald Knuth",
    title     = "Knuth: Computers and Typesetting",
    url       = "http://www-cs-faculty.stanford.edu/\~{}uno/abcde.html"
    note      = "Ostatni dostęp 08.08.2019"
}

@thesis{thesismeyer,
    author    = "Łukasz Maciej Meyer",
    title     = "Sterowanie predykcyjne z wykorzystaniem wizji w zadaniu śledzenia ścieżki przez robota mobilnego",
    school    = "Politechnika Warszawska",
    year	  = 2019
}

@thesis{thesiskarbarczyk,
    author    = "Aleksandra Karbarczyk",
    title     = "System robotyczny chwytający obiekty",
    school    = "Politechnika Warszawska",
    year	  = 2017
}

@thesis{thesiszivkovic,
    author    = "Aleksandar Zivkovic",
    title     = "Development of autonomous driving using Robot Operating System",
    school    = "Universidad Polit{\'e}cnica de Madrid",
    year	  = 2018
}

@thesis{thesiswegierek,
    author    = "Maciej Piotr Węgierek",
    title     = "Agentowa specyfikacja systemu sterującego robota manipulacyjnego IRp-6",
    school    = "Politechnika Warszawska",
    year	  = 2018
}

@misc{competitionwebsite,
    author    = "The Mars Society",
    title     = "Requirements and guidelines for University Rover Challenge competition",
    url       = "http://urc.marssociety.org/home/requirements-guidelines"
    note      = "Ostatni dostęp 08.08.2019"
}

@misc{rosdesc,
    author    = "Open Source Robotics Foundation",
    title     = "Opis pakietu Robot Operating System",
    url       = "https://www.ros.org/about-ros/"
    note      = "Ostatni dostęp 08.08.2019"
}

@misc{servo,
    author    = "Robotis",
    title     = "Instrukcja serwomechanizmów Dynamixel RX-64",
    url       = "http://emanual.robotis.com/docs/en/dxl/rx/rx-64/"
    note      = "Ostatni dostęp 08.08.2019"
}

@misc{spacemouse,
    author    = "LogiCad3D GmbH",
    title     = "Instrukcja myszy 3D Magellan Space Mouse",
    url       = "https://www.microsoft.com/buxtoncollection/a/pdf/Magellan%20Manual.pdf"
    note      = "Ostatni dostęp 08.08.2019"
}

@misc{isodef,
    author    = "ISO",
    title     = "Norma ISO 8373",
    url       = "https://www.iso.org/obp/ui/#iso:std:iso:8373:ed-2:v1:en"
    note      = "Ostatni dostęp 08.08.2019"
}

@misc{freertos,
    author    = "Amazon Web Services",
    title     = "Strona poświęcona systemowi czasu rzeczywistego FreeRTOS",
    url       = "https://www.freertos.org/"
    note      = "Ostatni dostęp 08.08.2019"
}

@misc{gazebo,
    author    = "Open Source Robotics Foundation",
    title     = "Strona poświęcona symulatorowi Gazebo",
    url       = "http://gazebosim.org/"
    note      = "Ostatni dostęp 08.08.2019"
}

@misc{roscontrol,
    author    = "Open Source Robotics Foundation",
    title     = "Strona poświęcona dodatkowi ROS_CONTROL",
    url       = "http://ros.org/wiki/ros_control"
    note      = "Ostatni dostęp 08.08.2019"
}

@misc{sysml,
    author    = "SysML Partners",
    title     = "Strona poświęcona SysML",
    url       = "https://sysml.org/"
    note      = "Ostatni dostęp 08.08.2019"
}

@misc{urdf,
    author    = "Open Source Robotics Foundation",
    title     = "Strona poświęcona standardowi opisu URDF",
    url       = "http://wiki.ros.org/urdf"
    note      = "Ostatni dostęp 08.08.2019"
}

@misc{spacenav,
    author    = "Open Source Robotics Foundation",
    title     = "Strona poświęcona bibliotece spacenav do obsługi urządzeń 3Dconnexion",
    url       = "http://wiki.ros.org/spacenav"
    note      = "Ostatni dostęp 08.08.2019"
}

@misc{spacenav,
    author    = "John Tsiombikas",
    title     = "Strona poświęcona sterownikom spacenav",
    url       = "http://spacenav.sourceforge.net/"
    note      = "Ostatni dostęp 08.08.2019"
}